% Encoding: windows-1252

@online{RANDOM-1998,
	author = {{D}r. {M}ads {H}aahr},
	title = {Introduction to Randomness and Random Numbers},
	date = {1998},
	url = {https://www.random.org/randomness/},
	OPTorganization = {Randomness and Integrity Services Ltd},
}

