% Encoding: windows-1252

@online{RANDOM-1998,
	author = {{D}r. {M}ads {H}aahr},
	title = {Introduction to Randomness and Random Numbers},
	date = {1998},
	url = {https://www.random.org/randomness/},
	OPTorganization = {Randomness and Integrity Services Ltd},
}

@techreport{SP90A-2015,
	author = {National Institute of Standards and Technology},
	title = {Recommendation for Random Number Generation Using Deterministic Random Bit Generators},
	institution = {U.S. Department of Commerce},
	address= {Washington, D.C.},
	number = {National Institute of Standards and Technology Special Publications (NIST PUBS) 800-90A, Revision 1},
	DOI = {24.06.2015},
	year = {2015},
}

@techreport{SP90B-2018,
	author = {National Institute of Standards and Technology},
	title = {Recommendation for the Entropy Sources Used for Random Bit Generation},
	institution = {U.S. Department of Commerce},
	address= {Washington, D.C.},
	number = {National Institute of Standards and Technology Special Publications (NIST PUBS) 800-90B},
	DOI = {10.01.2018},
	year = {2018},
}

@techreport{SP90C-2022,
	author = {National Institute of Standards and Technology},
	title = {Recommendation for Random Bit Generator (RBG) Constructions},
	institution = {U.S. Department of Commerce},
	address= {Washington, D.C.},
	number = {National Institute of Standards and Technology Special Publications (NIST PUBS) 800-90C, Third Public Draft},
	DOI = {07.09.2022},
	year = {2022},
}

@misc{Lec20IT-2013,
	author = {Kevin Su},
	title = {Lecture 20: Information Theory},
	howpublished = "\url{http://www.cs.cmu.edu/~odonnell/toolkit13/lecture20.pdf}",
	month = {November},
	year = {2021}, 
	note = "[Online; accessed 27.04.2023]"
}

@ARTICLE{IEEE-1948,	
	author={Shannon, C. E.},	
	journal={The Bell System Technical Journal},	
	title={A mathematical theory of communication},	
	year={1948},	
	volume={27},	
	number={4},	
	pages={623-656},	
	doi={10.1002/j.1538-7305.1948.tb00917.x}
}

@misc{YT-2021,
	author = {Josh Starmer},
	title = {Entropy (for data science) Clearly Explained!!!},
	howpublished = "\url{https://youtu.be/YtebGVx-Fxw}",
	year = {2021}, 
	note = "[Online; accessed 27.04.2023]"
}

@ARTICLE{IEEE-2009,	
	author={Konig, Robert and Renner, Renato and Schaffner, Christian},	
	journal={IEEE Transactions on Information Theory},	
	title={The Operational Meaning of Min- and Max-Entropy},	
	year={2009},	
	volume={55},	
	number={9},	
	pages={4337-4347},	
	doi={10.1109/TIT.2009.2025545}
}

@ARTICLE{YR-1999,
	title={Yarrow-160: Notes on the design and analysis of the yarrow cryptographic pseudorandom number generator},
	author={Kelsey, John and Schneier, Bruce and Ferguson, Niels},
	booktitle={Selected Areas in Cryptography: 6th Annual International Workshop, SAC’99 Kingston, Ontario, Canada, August 9--10, 1999 Proceedings},
	pages={13--33},
	year={2001},
	organization={Springer}
}

@ARTICLE{YI-2002,
	title={An Implementation of the Yarrow PRNG for FreeBSD.},
	author={Murray, Mark RV},
	booktitle={BSDCon},
	year={2002}
}

@article{FTI-2006,	
	author={McEvoy, Robert and Curran, James and Cotter, Paul and Murphy, Colin},
	booktitle={2006 IET Irish Signals and Systems Conference},	
	title={Fortuna: Cryptographically Secure Pseudo-Random Number Generation In Software And Hardware},	
	year={2006},	
	volume={},	
	number={},	
	pages={457-462},	
	doi={}
}

@book{FT-2011,
	title={Cryptography engineering: design principles and practical applications},
	author={Ferguson, Niels and Schneier, Bruce and Kohno, Tadayoshi},
	year={2011},
	publisher={John Wiley \& Sons}
}

@ARTICLE{LRNG-2022,
	title={Documentation and Analysis of
	the Linux Random Number
	Generator},
	author={Stephan M{\"u}ller, Sebastian Mayer, Dr. Caroline Holz and Dr. Andreas Hohenegger},
	journal={Bundesamt f{\"u}r Sicherheit in der Informationstechnik},  
	howpublished = \url {https://www.bsi.bund.de/SharedDocs/Downloads/EN/BSI/Publications/Studies/LinuxRNG/LinuxRNG_EN_V5_0.pdf?__blob=publicationFile&v=3},
	year={2022}
}

@article{XOR-2005,
	title={XOR-based hash functions},
	author={Vandierendonck, Hans and De Bosschere, Koenraad},
	journal={IEEE Transactions on Computers},
	volume={54},
	number={7},
	pages={800--812},
	year={2005},
	publisher={IEEE}
}

@article{FEA-2023,
	title={Discussion on the Full Entropy Assumption of the SP 800-90 Series},
	author={Buller, Darryl and Kaufer, Aaron and Roginsky, Allen and Turan, Meltem S{\"o}nmez},
	year={2023},
	publisher={NIST Interagency/Internal Report (NISTIR), National Institute of Standards~…}
}

@article{MEP-1985,
	title={The principle of maximum entropy},
	author={Guiasu, Silviu and Shenitzer, Abe},
	journal={The mathematical intelligencer},
	volume={7},
	pages={42--48},
	year={1985},
	publisher={Springer-Verlag}
}

@article{LHL-2011,
	title={Leftover hash lemma, revisited},
	author={Barak, Boaz and Dodis, Yevgeniy and Krawczyk, Hugo and Pereira, Olivier and Pietrzak, Krzysztof and Standaert, Fran{\c{c}}ois-Xavier and Yu, Yu},
	booktitle={Advances in Cryptology--CRYPTO 2011: 31st Annual Cryptology Conference, Santa Barbara, CA, USA, August 14-18, 2011. Proceedings 31},
	pages={1--20},
	year={2011},
	organization={Springer}
}

